@article{greenwade93,
    author      = "George D. Greenwade",
    title       = "The {C}omprehensive {T}ex {A}rchive {N}etwork ({CTAN})",
    year        = "1993",
    journal     = "TUGBoat",
    volume      = "14",
    number      = "3",
    pages       = "342--351"
}

@article{HSP,
    author      = "Lomont, Chris",
    title       = "The Hidden Subgroup Problem - Review and Open Problems",
    year        = "2004"
}

@book{QCQI,
    author      = "Michael A. Nielsen and Isaac L. Chuang",
    title       = "Quantum Computing and Quantum Information",
    year        = "2010",
    publisher   = "Cambridge University Press",
}

@book{serre,
    author      = "J. P. Serre",
    title       = "Linear Representations of Finite Groups",
    year        = "1977",
    publisher   = "Springer-Verlag",
}

@article{perepechaenko,
    author      = "Maria Perepechaenko",
    title       = "Hidden Subgroup Problem - About some classical and quantum algorithms.",
    year        = "2021",
}

@article{hadfield,
    author      = "Charles Hadfield",
    url         = "https://math.berkeley.edu/~hadfield/post/fourier/",
    title       = "Representation theory behind the quantum Fourier transform",
    year        = "2020",
    publisher   = "Berkeley"
}

@book{steinberg,
    author      = "Benjamin Steinberg",
    title       = "Representation Theory of Finite Groups",
    year        = "2012",
    publisher   = "springer",
}
